@Online{studiewijzer,
	author     = {De Haagse Hogeschool},
	title      = {Studiewijzer Project Duurzame Energie (E-PROJE3-22) - 5 studiepunten},
	url        = {https://dehaagsehogeschool.sharepoint.com/:b:/r/sites/collaboration/tise/Documents/Curriculum%20en%20onderwijs/Curriculum%20commissie/ontwikkeling%20curriculum%202021/uitwerking%20curriculum/projectenlijn/PROJE3/Studiewijzer_2023-2024.pdf?csf=1&web=1&e=lJOasc},
	urlday     = {29},
	urlmonth   = {8},
	urlyear    = {2023},
}
@Online{projecthandleiding,
	author     = {De Haagse Hogeschool},
	title      = {ProjectHandboek},
	url        = {https://dehaagsehogeschool.sharepoint.com/sites/collaboration/tise/Documents/Forms/AllItems.aspx?id=%2Fsites%2Fcollaboration%2Ftise%2FDocuments%2FCurriculum%20en%20onderwijs%2FCurriculum%20commissie%2Fontwikkeling%20curriculum%202021%2Fuitwerking%20curriculum%2Fprojectenlijn%2FPROJE3%2FProjectHandboek2023%2Epdf&parent=%2Fsites%2Fcollaboration%2Ftise%2FDocuments%2FCurriculum%20en%20onderwijs%2FCurriculum%20commissie%2Fontwikkeling%20curriculum%202021%2Fuitwerking%20curriculum%2Fprojectenlijn%2FPROJE3&p=true&ga=1},
	urlday     = {2},
	urlmonth   = {9},
	urlyear    = {2023},
}
@Online{energieakkoord,
	author     = {Rijksoverheid},
	title      = {Energieakkoord voor duurzame groei (4.2.2)},
	url        = {https://www.rijksoverheid.nl/documenten/convenanten/2013/09/06/energieakkoord-voor-duurzame-groei},
	urlday     = {30},
	urlmonth   = {8},
	urlyear    = {2023},
}
@Online{algemene-kosten-windpark,
	author     = {Algemene Rekenkamer},
	title      = {Focus op Kosten windenergie op zee},
	url        = {https://www.rekenkamer.nl/binaries/rekenkamer/documenten/rapporten/2018/09/27/focusonderzoek-kosten-van-windparken-op-zee/Focus+op+Kosten+windenergie+op+zee+WR.pdf},
	urlday     = {30},
	urlmonth   = {8},
	urlyear    = {2023},
}
@Online{Windenergiegebied,
	author     = {Rijksoverheid},
	title      = {Windenergiegebied Hollandse Kust},
	url        = {https://www.noordzeeloket.nl/functies-gebruik/windenergie/doorvaart-medegebruik/hollandse-kust-west/},
	urlday     = {5},
	urlmonth   = {9},
	urlyear    = {2023},
}
@Online{ShellEneco,
	author     = {Rijksoverheid},
	title      = {Shell en Eneco winnen tender windpark op zee Hollandse Kust},
	url        = {https://www.rijksoverheid.nl/actueel/nieuws/2022/12/15/shell-en-eneco-winnen-tender-windpark-op-zee-hollandse-kust-west},
	urlday     = {5},
	urlmonth   = {9},
	urlyear    = {2023},
}
@Online{Windopzee,
	author     = {Rijksoverheid},
	title      = {Wind op zee - Hollandse Kust (west) kavels VI - VII},
	url        = {https://www.rvo.nl/onderwerpen/bureau-energieprojecten/afgesloten-projecten/woz-hollandse-kust-west-kavels-vi-vii},
	urlday     = {5},
	urlmonth   = {9},
	urlyear    = {2023},
}